@Book{rustrbook,
  title = {Rustr Book},
  author = {Qin Wenfeng},
  url = {https://book.rustr.org},
}
